4276 5850
1018 402 1549 485 PRAEFA'rio'

360 612 363 619 ·
446 572 698 675 Etymologias
731 572 804 649 fiue
830 575 986 674 origines
1005 576 1031 650 si
1048 604 1122 652 non·
1138 604 1261 656 omnes
1279 605 1400 677 veras,
1424 578 1769 658 saltem-verisimiles
1784 585 1930 676 ,multis
1942 587 2101 662 vocabu*

400 688 441 764 lis
466 696 584 769 obiter
608 691 747 766 addidi:
775 719 856 792 quae
886 692 911 766 fi
941 696 1165 798 philoglotto
1191 700 1296 774 nimis
1314 700 1459 777 curiose}
1478 701 1670 793 scrutanti,
1696 699 1863 800 longius,
1891 706 2098 803 rationeque

396 809 510 883 minus
527 810 672 902 exodia,
697 814 822 908 petitae
841 813 1080 902 videbuntur;
1108 818 1198 889 isne
1215 816 1386 892 Varronis
1408 817 1576 917 quidem,
1608 817 1758 912 Isidori,
1784 820 2007 919 aliorumque
2028 847 2094 895 ve-

398 938 515 997 terum
550 925 769 999 coniesluras
796 926 961 999 omnibus
978 930 1121 1026 probari
1140 929 1239 1003 sciat.
1291 932 1430 1006 Scribit
1450 931 1590 1023 Varro,
1616 923 1890 1028 Obscura'multa
1909 939 1988 1029 effe:
2015 935 2102 1032 quod

400 1061 498 1134 nequa
525 1046 626 1112 omnis
650 1044 811 1136 impofitio
837 1044 1013 1114 verborum
1040 1044 1171 1138 exstat,
1202 1045 1289 1141 quod
1308 1045 1455 1141 vetustas
1474 1047 1622 1141 quiedam
1641 1046 1785 1118 deleuit:
1809 1075 1865 1121 mc
1882 1076 1952 1147 quae
1970 1052 2097 1143 exstat,

391 1155 464 1246 fine
481 1158 594 1228 mendo
612 1162 713 1229 omnis
730 1162 903 1253 impofita:
928 1184 984 1232 mc
1002 1186 1072 1256 quae
1089 1164 1175 1234 redd
1191 1160 1234 1258 ess
1251 1168 1424 1268 impofita,
1451 1179 1543 1234 cirta
1567 1178 1699 1235 manet:
1723 1190 1822 1260 mque
1839 1173 1940 1238 omnis
1959 1167 2097 1261 origoast

400 1265 516 1362 nostrie
541 1273 658 1367 lingua
686 1275 702 1342 l
732 1274 918 1344 vernaculis
946 1276 1080 1347 verbis:
1104 1276 1147 1356 fid
1165 1274 1273 1346 malm
1294 1277 1398 1349 verba
1416 1275 1514 1348 aliud
1532 1299 1616 1346 nant
1634 1271 1824 1373 ostendunt,
1848 1281 1943 1351 aliud
1958 1282 2094 1374 antis-

395 1383 625 1479 gnificabant,
652 1388 724 1461 δῖε.
778 1387 827 1460 Et
848 1385 1023 1462 isidorus:
1051 1394 1170 1464 Omnis
1180 1391 1230 1461 rei
1238 1373 1414 1488 iaspidio,
1439 1393 1785 1487 etymologidcognitd,
1792 1396 1989 1488 planiorest.
2015 1399 2098 1468 Non

399 1508 512 1572 aulem
535 1507 642 1574 omnia
659 1507 787 1575 mmm
807 1505 1016 1575 marteribus
1033 1505 1204 1597 fecunddm
1223 1505 1865 1605 naturamimprsttafirnt,sedqrraedam
1876 1509 2097 1604 &secundum

395 1613 570 1703 placitum.
619 1620 711 1690 Hinc
727 1618 770 1711 est
789 1617 874 1712 quid
889 1623 1030 1691 omnium
1041 1629 1204 1697 nominum
1215 1626 1408 1719 etymologia
1419 1647 1480 1693 non
1488 1625 1697 1712 reperiuntur
1707 1647 1719 1693 .·
1730 1632 1808 1718 qm'a
1818 1625 1965 1720 quiedam
1976 1652 2037 1696 non
2038 1625 2095 1719 ſsi

405 1731 545 1802 cuna'um
562 1735 759 1827 qualitatem
779 1753 844 1826 qua
858 1737 973 1826 genita
982 1733 1088 1830 sunt,
1105 1738 1170 1834 sed
1184 1744 1280 1811 iuxta
1297 1739 1477 1809 arbitrium
1496 1735 1646 1807 humana
1665 1737 1849 1807 voluntatis
1867 1740 2095 1809 vocabulam·

374 1916 378 1925 ,
403 1861 566 1934 ceperunt.
620 1847 705 1918 Sunt
724 1860 835 1915 autem
856 1848 1054 1943 etymologia
1072 1856 1259 1943 nominum,
1284 1865 1346 1923 aut
1365 1875 1406 1921 ex
1424 1846 1522 1943 causa
1539 1848 1626 1918 datae
1639 1872 1651 1917 .·
1675 1862 1735 1918 arat
1753 1873 1792 1917 ex
1809 1852 1948 1943 origine,
1977 1868 2037 1921 aut
2056 1877 2095 1921 rx

402 1962 578 2030 contrariis
588 1982 601 2029 .·
616 1957 774 2056 ’qraaeclam
792 1960 894 2028 etiam
905 1959 1005 2054 faria
1015 1962 1099 2060 funt
1115 1993 1156 2040 ex
1174 1968 1341 2039 nominum
1357 1966 1583 2037 deriuatiom:
1612 1965 1760 2058 quadam
1778 1968 1879 2035 eriam
1890 1991 1929 2035 ex
1938 1970 2071 2039 vocibus
2081 1991 2094 2038 .·

312 2076 313 2080 ’
400 2076 508 2147 multa
524 2078 625 2147 etiam
640 2100 684 2147 aa
701 2072 906 2165 diuersarum
919 2083 1071 2171 gentiam
1084 2076 1225 2159 sermone
1243 2097 1429 2153 vocantur:
1454 2078 1540 2150 vnde
1559 2076 1601 2159 ss
1621 2081 1707 2174 origo
1724 2102 1833 2150 eorum
1853 2082 2105 2173 vixcernitur,

403 2189 476 2273 dcc.
504 2193 599 2266 Haec
619 2192 841 2266 Varronis&
861 2190 989 2269 Isidori
1009 2199 1117 2272 verba
1134 2197 1178 2271 de
1193 2198 1354 2292 Latinis,
1379 2196 1459 2295 quis
1478 2193 1698 2269 Teutonicae
1717 2194 1850 2291 linguae
1871 2196 2030 2292 peritus,
2050 2196 2107 2290 deg

403 2304 621 2380 Teutonicis
639 2332 783 2407 quoque
800 2311 932 2405 etymis
951 2310 1022 2385 dici
1040 2312 1136 2411 posse
1153 2312 1293 2410 neget?

302 2402 312 2425 ⁰
448 2421 640 2496 Vocabula
673 2421 781 2519 quim
816 2428 969 2522 plurima
1002 2452 1084 2498 non·
1109 2449 1248 2502 tantum
1276 2451 1370 2501 cum
1388 2427 1614 2501 Germanicis
1643 2422 1904 2522 superioribus,
1942 2425 2093 2496 Saxoni-

402 2532 482 2626 cis,
527 2532 710 2607 veteribus
739 2535 902 2635 Anglicis
934 2534 1006 2608 siue
1045 2538 1403 2635 Anglo·saiionicis,
1441 2548 1548 2634 (quae
1583 2562 1667 2609 curn
1689 2537 1914 2608 Germanicis
1944 2537 2094 2608 inferio·

400 2643 499 2736 ribus
526 2642 598 2718 siue
625 2645 874 2740 Teutonicis,
915 2646 1001 2720 licet
1029 2645 1185 2722 dialeslis
1213 2647 1374 2719 nonnihil
1401 2648 1574 2738 mutatis,
1618 2646 1755 2742 prorsus
1786 2646 1907 2716 eadem
1944 2641 2091 2740 suut,)

401 2750 535 2827 veriam
566 2753 674 2826 etiam
712 2777 797 2826 cum
824 2756 1005 2849 Gallicis,
1041 2757 1208 2852 Italicis,
1240 2757 1474 2858 Hispanicis,
1515 2757 1652 2828 Latinis
1680 2779 1823 2854 quoque
1853 2757 1890 2828 &
1918 2755 2092 2854 Graecis,

399 2865 556 2965 passim,
599 2867 674 2942 vbi
695 2866 1006 2966 ¹Orthugraphia,
1044 2869 1309 2968 Etymologia,
1349 2872 1448 2942 vocis
1485 2868 1703 2960 similitudo,
1729 2887 1789 2940 aut
1816 2866 1881 2938 alia
1909 2869 1999 2940 ratio
2025 2895 2092 2966 po·

397 2977 526 3055 stulare
562 2978 781 3070 videbatur,
821 2979 988 3052 contuli:
1033 3000 1072 3051 vt
1098 3003 1222 3057 mutua
1248 2980 1451 3080 linguarum
1476 2981 1708 3070 collatione,
1757 2977 1946 3051 illustriora
1972 2977 2091 3069 fiant,

398 3095 629 3194 quoealioqui
645 3092 1006 3167 obscuramanerent.
1056 3094 1178 3190 Quam
1196 3096 1342 3194 quidem
1363 3096 1517 3191 opellam
1536 3094 1738 3186 linguarum
1760 3078 1921 3164 studiosis
1939 3115 2009 3171 non
2029 3114 2095 3188 pa·

390 3232 478 3283 rum
495 3209 742 3309 profuturam,
767 3207 876 3304 idque
894 3228 1063 3301 expertos
1081 3205 1186 3280 sacili:
1205 3235 1250 3281 ex
1268 3207 1330 3280 vsu
1355 3210 1393 3280 &
1413 3204 1531 3278 frusiu
1557 3204 1794 3292 iudicaturos,
1821 3203 2091 3299 haudquaquam

398 3322 548 3398 dubito:
576 3323 652 3395 erit
671 3323 765 3394 enim
791 3324 835 3391 ad
864 3318 1002 3417 linguas
1019 3319 1157 3392 facilius
1175 3315 1434 3417 persediusque
1449 3314 1695 3410 intelligendas
1716 3313 1753 3385 &
1773 3311 1995 3385 addiscendas
2011 3332 2093 3410 apta

398 3436 574 3534 imprimis
601 3428 915 3530 &compendiosa
942 3429 1086 3529 isagoge
1116 3429 1187 3504 siue
1220 3427 1456 3502 introdudtio:
1484 3422 1640 3499 maximi}
1667 3420 1704 3494 si
1721 3418 2008 3521 frequentissimae
2027 3448 2092 3521 per

397 3548 631 3653 prosthelin,
663 3543 880 3646 aphaeresin3
908 3548 1141 3648 epenthesin,
1166 3546 1370 3647 syncopen3
1397 3563 1623 3641 paragogen,
1647 3561 1858 3635 apocopen,
1880 3536 2091 3629 antithefin,

395 3659 804 3759 metathesin,.aliasque
831 3661 1050 3761 metaplasmi
1070 3659 1203 3761 species
1221 3655 1468 3734 mutandarum
1487 3653 1526 3727 ὅ(
1542 3650 1785 3725 variandarum
1806 3647 2090 3744 literarum,syl·

396 3779 557 3855 labarum
583 3802 624 3849 ac
655 3798 787 3849 vocum
806 3775 958 3848 rationes
975 3793 1081 3875 atque
1099 3769 1372 3845 consuetudines
1391 3764 1583 3861 diligenter·
1600 3761 1858 3853 obseruentur,
1884 3760 2091 3858 iudicioque

395 3894 470 3968 acri
496 3888 772 3990 perpendantur.
831 3886 1023 3983 Ingentem
1044 3904 1164 3958 autem
1186 3880 1383 3955 dictionum
1404 3875 1650 3965 Gallicarum,
1677 3871 1882 3944 italicarum
1901 3871 1938 3943 ἃ
1958 3868 2089 3967 Hispa·

395 4007 557 4082 nicarum
577 4020 754 4074 cateruam
773 4025 856 4073 cum
874 4000 1100 4075 Germanicis
1123 3988 1668 4096 superioribus&inferioribus,
1680 4011 1764 4059 cum
1775 3984 1958 4059 Saxonicis
1966 4009 2064 4082 quoq
2075 4015 2102 4073 3„

398 4121 439 4197 dc
458 4114 753 4217 Anglosaxonicis
771 4138 1007 4188 communem
1024 4110 1115 4204 esse,
1142 4109 1366 4185 historiarum
1385 4127 1548 4181 veterum
1568 4101 1721 4175 studioso
1740 4097 1886 4173 Lcdtori
1906 4096 1983 4170 satis
2001 4121 2090 4169 con·

397 4232 485 4307 stat:
517 4225 802 4328 quandoquidem
831 4226 1192 4320 Germani,'magna
1211 4221 1411 4295 Galliarum
1438 4235 1537 4315 parte
1563 4211 1646 4313 ipsis
1675 4211 1802 4286 tradita
1831 4208 2026 4300 aGothis,
2053 4209 2089 4281 in

397 4345 520 4423 Gallia
537 4343 750 4440 regnarint;¹
768 4340 805 4413 &
823 4340 975 4433 Franci,
1002 4360 1140 4415 veteres
1161 4336 1335 4411 Germani
1351 4331 1437 4407 didli
1457 4331 1609 4404 suerint:
1639 4323 1714 4397 imo
1732 4321 1879 4396 eandem
1896 4345 1980 4394 cum
1993 4323 2088 4394 Ger·

396 4459 520 4537 manis·
533 4457 715 4554 linguam,
741 4472 780 4525 vt
800 4451 905 4524 multi
926 4451 1099 4546 asserunt,
1125 4446 1350 4525 habuerint:·
1365 4449 1482 4522 Gothi
1500 4470 1544 4516 ex
1566 4437 1884 4528 Cimmeriis-orti,
1912 4434 2090 4533 &lingua

397 4571 557 4647 inferiori
582 4566 798 4642 Germanica
822 4567 903 4658 vsi,
928 4566 1066 4638 Italiam
1094 4566 1198 4638 armis
1222 4561 1449 4659 subegerint,
1478 4553 1648 4628 vastarint
1669 4569 1776 4647 atque
1795 4551 2025 4646 occuparint:
2053 4550 2089 4620 in

398 4682 570 4782 Hispania
588 4702 731 4780 quoque
750 4696 789 4749 vt
807 4679 842 4762 in
862 4675 980 4751 Gallia
1000 4678 1202 4772 regnarint:
1229 4677 1268 4751 ὅ(
1287 4672 1434 4768 Hispani
1446 4667 1581 4763 antiqui
1593 4659 1986 4759 Teutonicalinguavsi
2000 4660 2099 4757 sint,

397 4812 448 4890 ,ιι
465 4794 644 4872 testantur
663 4791 802 4872 Lucius
830 4791 1049 4886 Marineus,
1062 4788 1281 4886 Iornandes,
1296 4785 1426 4865 Paulus
1445 4777 1619 4873 Orosius,
1644 4774 1849 4854 Rodericus
1868 4774 2087 4960 Toleganluss,

343 4909 345 4912 i
1988 4937 1997 4960 ο
2055 4912 2086 4956 l·

1762 5016 1778 5048 ἰ
